<record><leader>00000cas a22000007a 4500</leader><controlfield tag="001">20072671</controlfield><controlfield tag="008">890726d18511857nyuwr ne      0    0eng d</controlfield><datafield ind1=" " ind2=" " tag="010"><subfield code="a">sn 89071329 </subfield></datafield><datafield ind1=" " ind2=" " tag="040"><subfield code="a">NYS</subfield><subfield code="b">eng</subfield><subfield code="c">NYS</subfield><subfield code="d">OCLCQ</subfield></datafield><datafield ind1=" " ind2=" " tag="042"><subfield code="a">msc</subfield></datafield><datafield ind1="0" ind2="4" tag="245"><subfield code="a">The Monroe weekly Democrat.</subfield></datafield><datafield ind1=" " ind2=" " tag="260"><subfield code="a">Rochester, N.Y. :</subfield><subfield code="b">Allen &amp; Rew,</subfield><subfield code="c">1851-</subfield></datafield><datafield ind1=" " ind2=" " tag="300"><subfield code="a">v.</subfield></datafield><datafield ind1=" " ind2=" " tag="310"><subfield code="a">Weekly</subfield></datafield><datafield ind1="1" ind2=" " tag="362"><subfield code="a">Ceased in 1857.</subfield></datafield><datafield ind1="0" ind2=" " tag="362"><subfield code="a">Vol. 24, no. 16 (Apr. 17, 1851)-</subfield></datafield><datafield ind1=" " ind2=" " tag="500"><subfield code="a">Weekly appears in title ornament &lt;1851-1854&gt;.</subfield></datafield><datafield ind1=" " ind2=" " tag="752"><subfield code="a">United States</subfield><subfield code="b">New York</subfield><subfield code="c">Monroe</subfield><subfield code="d">Rochester.</subfield></datafield><datafield ind1="0" ind2=" " tag="775"><subfield code="t">Rochester daily Democrat (Rochester, N.Y. : 1840)</subfield><subfield code="w">(DLC)sn 84024365</subfield></datafield><datafield ind1="0" ind2="0" tag="780"><subfield code="t">Monroe Democrat (Rochester, N.Y. : 1834)</subfield><subfield code="w">(DLC)sn 84026544</subfield></datafield><datafield ind1="0" ind2="7" tag="785"><subfield code="t">Rochester weekly American</subfield><subfield code="w">(DLC)sn 84026543</subfield></datafield><datafield ind1="0" ind2="7" tag="785"><subfield code="t">Monroe weekly Democrat and American</subfield><subfield code="w">(DLC)sn 84026545</subfield></datafield></record>